@article{prop_channel,
author = {Talib Abbas, Faizan Qamar, Irfan Ahmd, Kaharutin DimYati},
year = {2017},
title = {Propagation channel Characterization for 28 and 73 GHz Millimeter-Wave 5G Frequency Band},
journal = {Research Gate}
}